<record><leader>00000cas a22000007a 4500</leader><controlfield tag="001">14218045</controlfield><controlfield tag="008">860915d19211923iaudn ne      0    0eng d</controlfield><datafield ind1=" " ind2=" " tag="010"><subfield code="a">sn 86060176 </subfield></datafield><datafield ind1=" " ind2=" " tag="040"><subfield code="a">INP</subfield><subfield code="b">eng</subfield><subfield code="c">INP</subfield><subfield code="d">OCL</subfield><subfield code="d">INP</subfield><subfield code="d">OCLCQ</subfield></datafield><datafield ind1=" " ind2=" " tag="042"><subfield code="a">msc</subfield></datafield><datafield ind1="0" ind2="4" tag="245"><subfield code="a">The Daily ledger-journal.</subfield></datafield><datafield ind1="3" ind2="0" tag="246"><subfield code="a">Daily journal</subfield><subfield code="f">May 12, 1921</subfield></datafield><datafield ind1="3" ind2="0" tag="246"><subfield code="a">Fairfield daily ledger-journal</subfield></datafield><datafield ind1=" " ind2=" " tag="260"><subfield code="a">Fairfield, Iowa :</subfield><subfield code="b">[s.n.],</subfield><subfield code="c">1921-1923.</subfield></datafield><datafield ind1=" " ind2=" " tag="300"><subfield code="a">3 v. :</subfield><subfield code="b">ill. ;</subfield><subfield code="c">57 cm.</subfield></datafield><datafield ind1=" " ind2=" " tag="310"><subfield code="a">Daily (except Saturday and major holidays),</subfield><subfield code="b">Oct. 25, 1922-Apr. 8, 1923</subfield></datafield><datafield ind1=" " ind2=" " tag="321"><subfield code="a">Daily (except Sunday and major holidays),</subfield><subfield code="b">May 12, 1921-Oct. 24, 1922</subfield></datafield><datafield ind1="0" ind2=" " tag="362"><subfield code="a">72d year, no. 112 (May 12, 1921)-74th year, no. 83 (Apr. 8, 1923).</subfield></datafield><datafield ind1=" " ind2=" " tag="500"><subfield code="a">Official Jefferson County newspaper.</subfield></datafield><datafield ind1=" " ind2=" " tag="500"><subfield code="a">Originally edited by: Dean Taylor.</subfield></datafield><datafield ind1=" " ind2=" " tag="515"><subfield code="a">72d year, no. 112 (May 12, 1921) misnumbered 72d year, v. 112 (May 12, 1921).</subfield></datafield><datafield ind1=" " ind2=" " tag="752"><subfield code="a">United States</subfield><subfield code="b">Iowa</subfield><subfield code="c">Jefferson</subfield><subfield code="d">Fairfield.</subfield></datafield><datafield ind1="0" ind2=" " tag="775"><subfield code="t">Weekly ledger-journal</subfield><subfield code="w">(DLC)sn 86060178</subfield><subfield code="g">May 19-&lt;Dec. 29, 1921&gt;</subfield></datafield><datafield ind1="0" ind2="4" tag="780"><subfield code="t">Fairfield daily journal (Fairfield, Iowa : 1919)</subfield><subfield code="w">(DLC)sn 86060179</subfield></datafield><datafield ind1="0" ind2="4" tag="780"><subfield code="t">Fairfield ledger (Fairfield, Iowa : 1851)</subfield><subfield code="w">(DLC)sn 84027149</subfield></datafield><datafield ind1="0" ind2="7" tag="785"><subfield code="t">Fairfield tribune (Fairfield, Iowa : 1878)</subfield><subfield code="w">(DLC)sn 86061022</subfield></datafield><datafield ind1="0" ind2="7" tag="785"><subfield code="t">Fairfield daily ledger and journal and tribune</subfield><subfield code="w">(DLC)sn 86061024</subfield></datafield><datafield ind1="1" ind2=" " tag="029"><subfield code="a">AU@</subfield><subfield code="b">000025809597</subfield></datafield></record>